@article{eraslan2002uniqueness,
  title={Uniqueness of stationary equilibrium payoffs in the Baron--Ferejohn model},
  author={Eraslan, H{\"u}lya},
  journal={Journal of Economic Theory},
  volume={103},
  number={1},
  pages={11--30},
  year={2002},
  publisher={Elsevier}
}


@article{bellman1966dynamic,
  title={Dynamic programming},
  author={Bellman, Richard},
  journal={science},
  volume={153},
  number={3731},
  pages={34--37},
  year={1966},
  publisher={American Association for the Advancement of Science}
}

@article{rasmusen2003games,
  title={Games and information},
  author={Rasmusen, Eric and Blackwell, Basil},
  journal={Dynamics and Control},
  volume={27},
  number={11-12},
  pages={2207--2218},
  year={2003}
}




@article{frechette2005gamson,
  title={Gamson's Law versus non-cooperative bargaining theory},
  author={Fr{\'e}chette, Guillaume R and Kagel, John H and Morelli, Massimo},
  journal={Games and Economic Behavior},
  volume={51},
  number={2},
  pages={365--390},
  year={2005},
  publisher={Elsevier}
}


@inproceedings{brandt2001antisocial,
  title={Antisocial agents and Vickrey auctions},
  author={Brandt, Felix and Wei{\ss}, Gerhard},
  booktitle={International Workshop on Agent Theories, Architectures, and Languages},
  pages={335--347},
  year={2001},
  organization={Springer}
}

@article{шагин2016теория,
  title={Теория игр},
  author={Шагин, Вадим Львович},
  journal={Если},
  volume={1},
  pages={2},
  year={2016}
}

@book{keynes2013treatise,
  title={A treatise on probability},
  author={Keynes, John Maynard},
  year={2013},
  publisher={Courier Corporation}
}


@article{нэш2008идеальные,
  title={Идеальные и асимптотически идеальные деньги},
  author={Нэш, Дж Ф},
  journal={Российский журнал менеджмента},
  volume={6},
  number={4},
  pages={003--016},
  year={2008},
  publisher={Федеральное государственное бюджетное образовательное учреждение высшего~…}
}


@article{milgrom1982theory,
  title={A theory of auctions and competitive bidding},
  author={Milgrom, Paul R and Weber, Robert J},
  journal={Econometrica: Journal of the Econometric Society},
  pages={1089--1122},
  year={1982},
  publisher={JSTOR}
}


@article{milgrom1982value,
  title={The value of information in a sealed-bid auction},
  author={Milgrom, Paul and Weber, Robert J},
  journal={Journal of Mathematical Economics},
  volume={10},
  number={1},
  pages={105--114},
  year={1982},
  publisher={Elsevier}
}

@article{grossman1980impossibility,
  title={On the impossibility of informationally efficient markets},
  author={Grossman, Sanford J and Stiglitz, Joseph E},
  journal={The American economic review},
  volume={70},
  number={3},
  pages={393--408},
  year={1980},
  publisher={JSTOR}
}

@incollection{akerlof1978market,
  title={The market for “lemons”: Quality uncertainty and the market mechanism},
  author={Akerlof, George A},
  booktitle={Uncertainty in economics},
  pages={235--251},
  year={1978},
  publisher={Elsevier}
}

@article{roth2005kidney,
  title={A kidney exchange clearinghouse in New England},
  author={Roth, Alvin E and S{\"o}nmez, Tayfun and {\"U}nver, M Utku},
  journal={American Economic Review},
  volume={95},
  number={2},
  pages={376--380},
  year={2005},
  publisher={American Economic Association}
}

@article{ashlagi2021kidney,
  title={Kidney exchange: An operations perspective},
  author={Ashlagi, Itai and Roth, Alvin E},
  journal={Management Science},
  volume={67},
  number={9},
  pages={5455--5478},
  year={2021},
  publisher={INFORMS}
}

@article{segev2005kidney,
  title={Kidney paired donation and optimizing the use of live donor organs},
  author={Segev, Dorry L and Gentry, Sommer E and Warren, Daniel S and Reeb, Brigitte and Montgomery, Robert A},
  journal={Jama},
  volume={293},
  number={15},
  pages={1883--1890},
  year={2005},
  publisher={American Medical Association}
}

@article{bellman1966dynamic,
  title={Dynamic programming},
  author={Bellman, Richard},
  journal={science},
  volume={153},
  number={3731},
  pages={34--37},
  year={1966},
  publisher={American Association for the Advancement of Science}
}


@article{bernanke1997inflation,
  title={Inflation targeting: a new framework for monetary policy?},
  author={Bernanke, Ben S and Mishkin, Frederic S},
  journal={Journal of Economic perspectives},
  volume={11},
  number={2},
  pages={97--116},
  year={1997},
  publisher={American Economic Association}
}


@article{myerson1983mechanism,
  title={Mechanism design by an informed principal},
  author={Myerson, Roger B},
  journal={Econometrica: Journal of the Econometric Society},
  pages={1767--1797},
  year={1983},
  publisher={JSTOR}
}

@article{harsanyi1967games,
  title={Games with incomplete information played by “Bayesian” players, I--III Part I. The basic model},
  author={Harsanyi, John C},
  journal={Management science},
  volume={14},
  number={3},
  pages={159--182},
  year={1967},
  publisher={INFORMS}
}


@article{harsanyi1968games,
  title={Games with incomplete information played by “Bayesian” players part II. Bayesian equilibrium points},
  author={Harsanyi, John C},
  journal={Management science},
  volume={14},
  number={5},
  pages={320--334},
  year={1968},
  publisher={INFORMS}
}

@article{harsanyi1968bayesian,
  title={BY “BAYESIAN” PLAYERS, PART III. THE BASIC PROBABILITY DISTRIBUTION OF THE GAME},
  author={HARSANYI, JOEN C},
  journal={Management Science},
  volume={14},
  number={7},
  year={1968}
}



@article{roth1982incentive,
  title={Incentive compatibility in a market with indivisible goods},
  author={Roth, Alvin E},
  journal={Economics letters},
  volume={9},
  number={2},
  pages={127--132},
  year={1982},
  publisher={Elsevier}
}

@article{nash1950non,
  title={Non-cooperative games},
  author={Nash, John F and others},
  year={1950},
  publisher={Princeton University Princeton}
}

@article{baron1989bargaining,
  title={Bargaining in legislatures},
  author={Baron, David P and Ferejohn, John A},
  journal={American political science review},
  volume={83},
  number={4},
  pages={1181--1206},
  year={1989},
  publisher={Cambridge University Press}
}

@book{arrow2012social,
  title={Social choice and individual values},
  author={Arrow, Kenneth J},
  volume={12},
  year={2012},
  publisher={Yale university press}
}

@article{gibbard1973manipulation,
  title={Manipulation of voting schemes: a general result},
  author={Gibbard, Allan},
  journal={Econometrica: journal of the Econometric Society},
  pages={587--601},
  year={1973},
  publisher={JSTOR}
}

@article{groves1973incentives,
  title={Incentives in teams},
  author={Groves, Theodore},
  journal={Econometrica: Journal of the Econometric Society},
  pages={617--631},
  year={1973},
  publisher={JSTOR}
}

@article{grossman1980impossibility,
  title={On the impossibility of informationally efficient markets},
  author={Grossman, Sanford J and Stiglitz, Joseph E},
  journal={The American economic review},
  volume={70},
  number={3},
  pages={393--408},
  year={1980},
  publisher={JSTOR}
}

@article{архипов2007предпосылки,
  title={Предпосылки введения количественных мер эффективности для ГЭР},
  author={Архипов, ВМ and Захаров, ИЮ and Науменко, ВВ and Смирнов, СН},
  journal={М.: ГУ ВШЭ},
  volume={40},
  year={2007}
}

@article{fama1969adjustment,
  title={The adjustment of stock prices to new information},
  author={Fama, Eugene F and Fisher, Lawrence and Jensen, Michael C and Roll, Richard},
  journal={International economic review},
  volume={10},
  number={1},
  pages={1--21},
  year={1969},
  publisher={JSTOR}
}


@article{cho1987signaling,
  title={Signaling games and stable equilibria},
  author={Cho, In-Koo and Kreps, David M},
  journal={The Quarterly Journal of Economics},
  volume={102},
  number={2},
  pages={179--221},
  year={1987},
  publisher={MIT Press}
}


@article{shubik1971game,
  title={Game Theory in Economics: Chapter 1, Introduction, The Use of Models},
  author={Shubik, Martin and Shapley, Lloyd S},
  year={1971},
  publisher={RAND Corporation}
}


@article{ Bogdanov2023,
    author={Богданов, А.Д., Колобов, Д.В., Щепкин, А.В.}, title={Моделирование процессов проведения закупки материально-технического обеспечения школ и конкуренции между поставщиками},
    year={2023},
    publsiher={Теория управления (находится в процессе публикации},
}

@article{groves1973incentives,
  title={Incentives in teams},
  author={Groves, Theodore},
  journal={Econometrica: Journal of the Econometric Society},
  pages={617--631},
  year={1973},
  publisher={JSTOR}
}

@article{cobb1928theory,
  title={A theory of production},
  author={Cobb, Charles W and Douglas, Paul H},
  year={1928},
  publisher={American Economic Association}
}


@incollection{caves2014franchising,
  title={Franchising: Firms, markets, and intangible assets},
  author={Caves, Richard E and Murphy, William F},
  booktitle={Franchising},
  pages={81--102},
  year={2014},
  publisher={Routledge}
}

@article{leland1977informational,
  title={Informational asymmetries, financial structure, and financial intermediation},
  author={Leland, Hayne E and Pyle, David H},
  journal={The journal of Finance},
  volume={32},
  number={2},
  pages={371--387},
  year={1977},
  publisher={JSTOR}
}


@article{loomes1982regret,
  title={Regret theory: An alternative theory of rational choice under uncertainty},
  author={Loomes, Graham and Sugden, Robert},
  journal={The economic journal},
  volume={92},
  number={368},
  pages={805--824},
  year={1982},
  publisher={Oxford University Press Oxford, UK}
}

@book{koller2009probabilistic,
  title={Probabilistic graphical models: principles and techniques},
  author={Koller, Daphne and Friedman, Nir},
  year={2009},
  publisher={MIT press}
}


@article{tversky1992advances,
  title={Advances in prospect theory: Cumulative representation of uncertainty},
  author={Tversky, Amos and Kahneman, Daniel},
  journal={Journal of Risk and uncertainty},
  volume={5},
  pages={297--323},
  year={1992},
  publisher={Springer}
}